@article{PUCHINGER2017b,
title = "Fast operations on linearized polynomials and their applications in coding theory",
   JOURNAL = {J. Symb. Comput.},
   volume = "",
year = "2017",
author = "S. Puchinger and A. Wachter-Zeh",
keywords = "Linearized polynomials, Skew polynomials, Fast multiplication, Fast multi-point evaluation, Fast minimal subspace polynomial, Fast decoding"
}

@inproceedings{CaLe17,
  author    = {X. Caruso and J. Le Borgne},
  title     = {Fast multiplication for skew polynomials},
  booktitle   = {ISSAC'17},
pages = {77--84},
publisher = {ACM},
  year      = {2017},
}

@article{KedUman,
author = {Kedlaya, Kiran and Umans, Christopher},
year = {2008},
month = {01},
pages = {},
title = {Fast Polynomial Factorization and Modular Composition},
volume = {40},
journal = {SIAM Journal on Computing},
doi = {10.1137/08073408X}
}